%YAML 1.1
%TAG !u! tag:unity3d.com,2011:
--- !u!29 &1
OcclusionCullingSettings:
  m_ObjectHideFlags: 0
  serializedVersion: 2
  m_OcclusionBakeSettings:
    smallestOccluder: 5
    smallestHole: 0.25
    backfaceThreshold: 100
  m_SceneGUID: 00000000000000000000000000000000
  m_OcclusionCullingData: {fileID: 0}
--- !u!104 &2
RenderSettings:
  m_ObjectHideFlags: 0
  serializedVersion: 9
  m_Fog: 0
  m_FogColor: {r: 0.5, g: 0.5, b: 0.5, a: 1}
  m_FogMode: 3
  m_FogDensity: 0.01
  m_LinearFogStart: 0
  m_LinearFogEnd: 300
  m_AmbientSkyColor: {r: 0.212, g: 0.227, b: 0.259, a: 1}
  m_AmbientEquatorColor: {r: 0.114, g: 0.125, b: 0.133, a: 1}
  m_AmbientGroundColor: {r: 0.047, g: 0.043, b: 0.035, a: 1}
  m_AmbientIntensity: 1
  m_AmbientMode: 0
  m_SubtractiveShadowColor: {r: 0.42, g: 0.478, b: 0.627, a: 1}
  m_SkyboxMaterial: {fileID: 10304, guid: 0000000000000000f000000000000000, type: 0}
  m_HaloStrength: 0.5
  m_FlareStrength: 1
  m_FlareFadeSpeed: 3
  m_HaloTexture: {fileID: 0}
  m_SpotCookie: {fileID: 10001, guid: 0000000000000000e000000000000000, type: 0}
  m_DefaultReflectionMode: 0
  m_DefaultReflectionResolution: 128
  m_ReflectionBounces: 1
  m_ReflectionIntensity: 1
  m_CustomReflection: {fileID: 0}
  m_Sun: {fileID: 0}
  m_IndirectSpecularColor: {r: 0.12731749, g: 0.13414754, b: 0.12107867, a: 1}
  m_UseRadianceAmbientProbe: 0
--- !u!157 &3
LightmapSettings:
  m_ObjectHideFlags: 0
  serializedVersion: 12
  m_GIWorkflowMode: 1
  m_GISettings:
    serializedVersion: 2
    m_BounceScale: 1
    m_IndirectOutputScale: 1
    m_AlbedoBoost: 1
    m_EnvironmentLightingMode: 0
    m_EnableBakedLightmaps: 1
    m_EnableRealtimeLightmaps: 0
  m_LightmapEditorSettings:
    serializedVersion: 12
    m_Resolution: 2
    m_BakeResolution: 40
    m_AtlasSize: 1024
    m_AO: 0
    m_AOMaxDistance: 1
    m_CompAOExponent: 1
    m_CompAOExponentDirect: 0
    m_ExtractAmbientOcclusion: 0
    m_Padding: 2
    m_LightmapParameters: {fileID: 0}
    m_LightmapsBakeMode: 1
    m_TextureCompression: 1
    m_FinalGather: 0
    m_FinalGatherFiltering: 1
    m_FinalGatherRayCount: 256
    m_ReflectionCompression: 2
    m_MixedBakeMode: 2
    m_BakeBackend: 1
    m_PVRSampling: 1
    m_PVRDirectSampleCount: 32
    m_PVRSampleCount: 512
    m_PVRBounces: 2
    m_PVREnvironmentSampleCount: 256
    m_PVREnvironmentReferencePointCount: 2048
    m_PVRFilteringMode: 1
    m_PVRDenoiserTypeDirect: 1
    m_PVRDenoiserTypeIndirect: 1
    m_PVRDenoiserTypeAO: 1
    m_PVRFilterTypeDirect: 0
    m_PVRFilterTypeIndirect: 0
    m_PVRFilterTypeAO: 0
    m_PVREnvironmentMIS: 1
    m_PVRCulling: 1
    m_PVRFilteringGaussRadiusDirect: 1
    m_PVRFilteringGaussRadiusIndirect: 5
    m_PVRFilteringGaussRadiusAO: 2
    m_PVRFilteringAtrousPositionSigmaDirect: 0.5
    m_PVRFilteringAtrousPositionSigmaIndirect: 2
    m_PVRFilteringAtrousPositionSigmaAO: 1
    m_ExportTrainingData: 0
    m_TrainingDataDestination: TrainingData
    m_LightProbeSampleCountMultiplier: 4
  m_LightingDataAsset: {fileID: 0}
  m_LightingSettings: {fileID: 0}
--- !u!196 &4
NavMeshSettings:
  serializedVersion: 2
  m_ObjectHideFlags: 0
  m_BuildSettings:
    serializedVersion: 2
    agentTypeID: 0
    agentRadius: 0.5
    agentHeight: 2
    agentSlope: 45
    agentClimb: 0.4
    ledgeDropHeight: 0
    maxJumpAcrossDistance: 0
    minRegionArea: 2
    manualCellSize: 0
    cellSize: 0.16666667
    manualTileSize: 0
    tileSize: 256
    accuratePlacement: 0
    maxJobWorkers: 0
    preserveTilesOutsideBounds: 0
    debug:
      m_Flags: 0
  m_NavMeshData: {fileID: 23800000, guid: dc8f316edf85de942aa002cb182d5ce4, type: 2}
--- !u!1001 &150860464
PrefabInstance:
  m_ObjectHideFlags: 0
  serializedVersion: 2
  m_Modification:
    m_TransformParent: {fileID: 854072708}
    m_Modifications:
    - target: {fileID: 8184231843185849879, guid: ce72f69753f5e924b9492061d2612648,
        type: 3}
      propertyPath: m_RootOrder
      value: 2
      objectReference: {fileID: 0}
    - target: {fileID: 8184231843185849879, guid: ce72f69753f5e924b9492061d2612648,
        type: 3}
      propertyPath: m_LocalPosition.x
      value: 717.02576
      objectReference: {fileID: 0}
    - target: {fileID: 8184231843185849879, guid: ce72f69753f5e924b9492061d2612648,
        type: 3}
      propertyPath: m_LocalPosition.y
      value: 43.94103
      objectReference: {fileID: 0}
    - target: {fileID: 8184231843185849879, guid: ce72f69753f5e924b9492061d2612648,
        type: 3}
      propertyPath: m_LocalPosition.z
      value: 524.91565
      objectReference: {fileID: 0}
    - target: {fileID: 8184231843185849879, guid: ce72f69753f5e924b9492061d2612648,
        type: 3}
      propertyPath: m_LocalRotation.w
      value: 1
      objectReference: {fileID: 0}
    - target: {fileID: 8184231843185849879, guid: ce72f69753f5e924b9492061d2612648,
        type: 3}
      propertyPath: m_LocalRotation.x
      value: -0
      objectReference: {fileID: 0}
    - target: {fileID: 8184231843185849879, guid: ce72f69753f5e924b9492061d2612648,
        type: 3}
      propertyPath: m_LocalRotation.y
      value: -0
      objectReference: {fileID: 0}
    - target: {fileID: 8184231843185849879, guid: ce72f69753f5e924b9492061d2612648,
        type: 3}
      propertyPath: m_LocalRotation.z
      value: -0
      objectReference: {fileID: 0}
    - target: {fileID: 8184231843185849879, guid: ce72f69753f5e924b9492061d2612648,
        type: 3}
      propertyPath: m_LocalEulerAnglesHint.x
      value: 0
      objectReference: {fileID: 0}
    - target: {fileID: 8184231843185849879, guid: ce72f69753f5e924b9492061d2612648,
        type: 3}
      propertyPath: m_LocalEulerAnglesHint.y
      value: 0
      objectReference: {fileID: 0}
    - target: {fileID: 8184231843185849879, guid: ce72f69753f5e924b9492061d2612648,
        type: 3}
      propertyPath: m_LocalEulerAnglesHint.z
      value: 0
      objectReference: {fileID: 0}
    - target: {fileID: 8184231843185849881, guid: ce72f69753f5e924b9492061d2612648,
        type: 3}
      propertyPath: m_Name
      value: SoulLinkGameTime
      objectReference: {fileID: 0}
    m_RemovedComponents: []
  m_SourcePrefab: {fileID: 100100000, guid: ce72f69753f5e924b9492061d2612648, type: 3}
--- !u!4 &150860465 stripped
Transform:
  m_CorrespondingSourceObject: {fileID: 8184231843185849879, guid: ce72f69753f5e924b9492061d2612648,
    type: 3}
  m_PrefabInstance: {fileID: 150860464}
  m_PrefabAsset: {fileID: 0}
--- !u!1 &159049116
GameObject:
  m_ObjectHideFlags: 0
  m_CorrespondingSourceObject: {fileID: 0}
  m_PrefabInstance: {fileID: 0}
  m_PrefabAsset: {fileID: 0}
  serializedVersion: 6
  m_Component:
  - component: {fileID: 159049120}
  - component: {fileID: 159049119}
  - component: {fileID: 159049118}
  - component: {fileID: 159049117}
  m_Layer: 5
  m_Name: Canvas
  m_TagString: Untagged
  m_Icon: {fileID: 0}
  m_NavMeshLayer: 0
  m_StaticEditorFlags: 0
  m_IsActive: 1
--- !u!114 &159049117
MonoBehaviour:
  m_ObjectHideFlags: 0
  m_CorrespondingSourceObject: {fileID: 0}
  m_PrefabInstance: {fileID: 0}
  m_PrefabAsset: {fileID: 0}
  m_GameObject: {fileID: 159049116}
  m_Enabled: 1
  m_EditorHideFlags: 0
  m_Script: {fileID: 11500000, guid: dc42784cf147c0c48a680349fa168899, type: 3}
  m_Name: 
  m_EditorClassIdentifier: 
  m_IgnoreReversedGraphics: 1
  m_BlockingObjects: 0
  m_BlockingMask:
    serializedVersion: 2
    m_Bits: 4294967295
--- !u!114 &159049118
MonoBehaviour:
  m_ObjectHideFlags: 0
  m_CorrespondingSourceObject: {fileID: 0}
  m_PrefabInstance: {fileID: 0}
  m_PrefabAsset: {fileID: 0}
  m_GameObject: {fileID: 159049116}
  m_Enabled: 1
  m_EditorHideFlags: 0
  m_Script: {fileID: 11500000, guid: 0cd44c1031e13a943bb63640046fad76, type: 3}
  m_Name: 
  m_EditorClassIdentifier: 
  m_UiScaleMode: 1
  m_ReferencePixelsPerUnit: 100
  m_ScaleFactor: 1
  m_ReferenceResolution: {x: 1920, y: 1080}
  m_ScreenMatchMode: 0
  m_MatchWidthOrHeight: 0
  m_PhysicalUnit: 3
  m_FallbackScreenDPI: 96
  m_DefaultSpriteDPI: 96
  m_DynamicPixelsPerUnit: 1
  m_PresetInfoIsWorld: 0
--- !u!223 &159049119
Canvas:
  m_ObjectHideFlags: 0
  m_CorrespondingSourceObject: {fileID: 0}
  m_PrefabInstance: {fileID: 0}
  m_PrefabAsset: {fileID: 0}
  m_GameObject: {fileID: 159049116}
  m_Enabled: 1
  serializedVersion: 3
  m_RenderMode: 0
  m_Camera: {fileID: 0}
  m_PlaneDistance: 100
  m_PixelPerfect: 0
  m_ReceivesEvents: 1
  m_OverrideSorting: 0
  m_OverridePixelPerfect: 0
  m_SortingBucketNormalizedSize: 0
  m_AdditionalShaderChannelsFlag: 0
  m_SortingLayerID: 0
  m_SortingOrder: 0
  m_TargetDisplay: 0
--- !u!224 &159049120
RectTransform:
  m_ObjectHideFlags: 0
  m_CorrespondingSourceObject: {fileID: 0}
  m_PrefabInstance: {fileID: 0}
  m_PrefabAsset: {fileID: 0}
  m_GameObject: {fileID: 159049116}
  m_LocalRotation: {x: 0, y: 0, z: 0, w: 1}
  m_LocalPosition: {x: 0, y: 0, z: 0}
  m_LocalScale: {x: 0, y: 0, z: 0}
  m_Children:
  - {fileID: 1789142350}
  - {fileID: 719113143}
  - {fileID: 860122795}
  m_Father: {fileID: 0}
  m_RootOrder: 8
  m_LocalEulerAnglesHint: {x: 0, y: 0, z: 0}
  m_AnchorMin: {x: 0, y: 0}
  m_AnchorMax: {x: 0, y: 0}
  m_AnchoredPosition: {x: 0, y: 0}
  m_SizeDelta: {x: 0, y: 0}
  m_Pivot: {x: 0, y: 0}
--- !u!1001 &362495701
PrefabInstance:
  m_ObjectHideFlags: 0
  serializedVersion: 2
  m_Modification:
    m_TransformParent: {fileID: 0}
    m_Modifications:
    - target: {fileID: 1661518001422291506, guid: 2423a5244fb1e4a44a298b96c4d8ae2d,
        type: 3}
      propertyPath: m_Layer
      value: 30
      objectReference: {fileID: 0}
    - target: {fileID: 3657604697379469573, guid: 2423a5244fb1e4a44a298b96c4d8ae2d,
        type: 3}
      propertyPath: m_Layer
      value: 30
      objectReference: {fileID: 0}
    - target: {fileID: 7707681266990651504, guid: 2423a5244fb1e4a44a298b96c4d8ae2d,
        type: 3}
      propertyPath: m_RootOrder
      value: 2
      objectReference: {fileID: 0}
    - target: {fileID: 7707681266990651504, guid: 2423a5244fb1e4a44a298b96c4d8ae2d,
        type: 3}
      propertyPath: m_LocalPosition.x
      value: 57.154785
      objectReference: {fileID: 0}
    - target: {fileID: 7707681266990651504, guid: 2423a5244fb1e4a44a298b96c4d8ae2d,
        type: 3}
      propertyPath: m_LocalPosition.y
      value: 2.8017163
      objectReference: {fileID: 0}
    - target: {fileID: 7707681266990651504, guid: 2423a5244fb1e4a44a298b96c4d8ae2d,
        type: 3}
      propertyPath: m_LocalPosition.z
      value: 42.897743
      objectReference: {fileID: 0}
    - target: {fileID: 7707681266990651504, guid: 2423a5244fb1e4a44a298b96c4d8ae2d,
        type: 3}
      propertyPath: m_LocalRotation.w
      value: 1
      objectReference: {fileID: 0}
    - target: {fileID: 7707681266990651504, guid: 2423a5244fb1e4a44a298b96c4d8ae2d,
        type: 3}
      propertyPath: m_LocalRotation.x
      value: 0
      objectReference: {fileID: 0}
    - target: {fileID: 7707681266990651504, guid: 2423a5244fb1e4a44a298b96c4d8ae2d,
        type: 3}
      propertyPath: m_LocalRotation.y
      value: 0
      objectReference: {fileID: 0}
    - target: {fileID: 7707681266990651504, guid: 2423a5244fb1e4a44a298b96c4d8ae2d,
        type: 3}
      propertyPath: m_LocalRotation.z
      value: 0
      objectReference: {fileID: 0}
    - target: {fileID: 7707681266990651504, guid: 2423a5244fb1e4a44a298b96c4d8ae2d,
        type: 3}
      propertyPath: m_LocalEulerAnglesHint.x
      value: 0
      objectReference: {fileID: 0}
    - target: {fileID: 7707681266990651504, guid: 2423a5244fb1e4a44a298b96c4d8ae2d,
        type: 3}
      propertyPath: m_LocalEulerAnglesHint.y
      value: 0
      objectReference: {fileID: 0}
    - target: {fileID: 7707681266990651504, guid: 2423a5244fb1e4a44a298b96c4d8ae2d,
        type: 3}
      propertyPath: m_LocalEulerAnglesHint.z
      value: 0
      objectReference: {fileID: 0}
    - target: {fileID: 8973588834437623671, guid: 2423a5244fb1e4a44a298b96c4d8ae2d,
        type: 3}
      propertyPath: m_Layer
      value: 30
      objectReference: {fileID: 0}
    - target: {fileID: 9094626784810958287, guid: 2423a5244fb1e4a44a298b96c4d8ae2d,
        type: 3}
      propertyPath: m_Name
      value: House (5)
      objectReference: {fileID: 0}
    - target: {fileID: 9094626784810958287, guid: 2423a5244fb1e4a44a298b96c4d8ae2d,
        type: 3}
      propertyPath: m_Layer
      value: 30
      objectReference: {fileID: 0}
    m_RemovedComponents: []
  m_SourcePrefab: {fileID: 100100000, guid: 2423a5244fb1e4a44a298b96c4d8ae2d, type: 3}
--- !u!1 &605387847
GameObject:
  m_ObjectHideFlags: 0
  m_CorrespondingSourceObject: {fileID: 0}
  m_PrefabInstance: {fileID: 0}
  m_PrefabAsset: {fileID: 0}
  serializedVersion: 6
  m_Component:
  - component: {fileID: 605387850}
  - component: {fileID: 605387849}
  - component: {fileID: 605387848}
  m_Layer: 0
  m_Name: Spawn Area - Village
  m_TagString: Untagged
  m_Icon: {fileID: 0}
  m_NavMeshLayer: 0
  m_StaticEditorFlags: 0
  m_IsActive: 1
--- !u!114 &605387848
MonoBehaviour:
  m_ObjectHideFlags: 0
  m_CorrespondingSourceObject: {fileID: 0}
  m_PrefabInstance: {fileID: 0}
  m_PrefabAsset: {fileID: 0}
  m_GameObject: {fileID: 605387847}
  m_Enabled: 1
  m_EditorHideFlags: 0
  m_Script: {fileID: 11500000, guid: 1702dc0e852a36a4b83ee0d24ce14dc1, type: 3}
  m_Name: 
  m_EditorClassIdentifier: 
  _areaName: Village
  _useLocalSpawnData: 0
  _timeOfDaySpawns:
    keys: []
    values: []
  _overrideTriggerRadius: 1
  _triggerRadius: 35
  _manualTrigger: 0
  _spawningMethod: 0
  _splinePositioning: 0
  _spawnRadius: 30
  _minimumSpawnRange: 0
  _clusterRange: 1
  _spawnBounds: []
  _spawnAreaBounds: []
  _spawnPoints: []
  _conformRotation: 0
  _conformPosition: 0
  _spline: {fileID: 0}
  _maxSpawns: 20
  _delaySpawns: 0
  _suppressBiomeSpawns: 1
  _suppressionRadius: 15
  _distributeHerdsFromCenter: 1
  _buildNavMeshAfterSpawning: 0
  _markSpawnsAsPersistent: 0
  _spawnInterval: 0
  _resetArea: 1
  _resetType: 0
  _resetDuration: 1
  _autoTriggerOnReset: 0
  _minChangeMaxSpawns: 0
  _maxChangeMaxSpawns: 0
  _resetRepeatType: 0
  _maxResets: 3
  _spawnBoss: 0
  _spawnBossOnWaveNumber: 3
  _bossPrefab: {fileID: 0}
  _bossSpawnPoint: {fileID: 0}
  _onTriggeredEventHandler:
    m_PersistentCalls:
      m_Calls: []
  _onStartSpawningEventHandler:
    m_PersistentCalls:
      m_Calls: []
  _onSpawningCompleteEventHandler:
    m_PersistentCalls:
      m_Calls: []
  _onWaveCompleteEventHandler:
    m_PersistentCalls:
      m_Calls: []
  _onSpawnBossEventHandler:
    m_PersistentCalls:
      m_Calls: []
  SpawnAreaGuid: 
--- !u!135 &605387849
SphereCollider:
  m_ObjectHideFlags: 0
  m_CorrespondingSourceObject: {fileID: 0}
  m_PrefabInstance: {fileID: 0}
  m_PrefabAsset: {fileID: 0}
  m_GameObject: {fileID: 605387847}
  m_Material: {fileID: 0}
  m_IsTrigger: 0
  m_Enabled: 1
  serializedVersion: 2
  m_Radius: 0.5
  m_Center: {x: 0, y: 0, z: 0}
--- !u!4 &605387850
Transform:
  m_ObjectHideFlags: 0
  m_CorrespondingSourceObject: {fileID: 0}
  m_PrefabInstance: {fileID: 0}
  m_PrefabAsset: {fileID: 0}
  m_GameObject: {fileID: 605387847}
  m_LocalRotation: {x: 0, y: 0, z: 0, w: 1}
  m_LocalPosition: {x: 64, y: 0, z: 64}
  m_LocalScale: {x: 1, y: 1, z: 1}
  m_Children: []
  m_Father: {fileID: 0}
  m_RootOrder: 11
  m_LocalEulerAnglesHint: {x: 0, y: 0, z: 0}
--- !u!1 &607235318
GameObject:
  m_ObjectHideFlags: 0
  m_CorrespondingSourceObject: {fileID: 0}
  m_PrefabInstance: {fileID: 0}
  m_PrefabAsset: {fileID: 0}
  serializedVersion: 6
  m_Component:
  - component: {fileID: 607235319}
  - component: {fileID: 607235321}
  - component: {fileID: 607235320}
  m_Layer: 0
  m_Name: SoulLink Spawner
  m_TagString: Untagged
  m_Icon: {fileID: 0}
  m_NavMeshLayer: 0
  m_StaticEditorFlags: 0
  m_IsActive: 1
--- !u!4 &607235319
Transform:
  m_ObjectHideFlags: 0
  m_CorrespondingSourceObject: {fileID: 0}
  m_PrefabInstance: {fileID: 0}
  m_PrefabAsset: {fileID: 0}
  m_GameObject: {fileID: 607235318}
  m_LocalRotation: {x: -0, y: -0, z: -0, w: 1}
  m_LocalPosition: {x: 0, y: 0, z: 0}
  m_LocalScale: {x: 1, y: 1, z: 1}
  m_Children: []
  m_Father: {fileID: 854072708}
  m_RootOrder: 0
  m_LocalEulerAnglesHint: {x: 0, y: 0, z: 0}
--- !u!114 &607235320
MonoBehaviour:
  m_ObjectHideFlags: 3
  m_CorrespondingSourceObject: {fileID: 0}
  m_PrefabInstance: {fileID: 0}
  m_PrefabAsset: {fileID: 0}
  m_GameObject: {fileID: 607235318}
  m_Enabled: 1
  m_EditorHideFlags: 0
  m_Script: {fileID: 11500000, guid: e862ea44fa4f5884398aa905ac36aba2, type: 3}
  m_Name: 
  m_EditorClassIdentifier: 
  _biomeName: Grass
  _filterClause: 1
  _textureRules:
  - textureIndex: 0
    textureRule: 0
    threshold: 0.35
  _volumeRules: []
  _layerRules: []
  _useElevationRange: 0
  _elevationRange: {x: 0, y: 1000}
  texFilterFoldoutState: 1
  volFilterFoldoutState: 0
  layerFilterFoldoutState: 0
  textureSelected: 0
  texRuleSelected: 0
  volRuleSelected: 0
  layerRuleSelected: 0
--- !u!114 &607235321
MonoBehaviour:
  m_ObjectHideFlags: 0
  m_CorrespondingSourceObject: {fileID: 0}
  m_PrefabInstance: {fileID: 0}
  m_PrefabAsset: {fileID: 0}
  m_GameObject: {fileID: 607235318}
  m_Enabled: 1
  m_EditorHideFlags: 0
  m_Script: {fileID: 11500000, guid: fc2dac2a58c4bce4b8ad74b4e1b62138, type: 3}
  m_Name: 
  m_EditorClassIdentifier: 
  _SoulLinkSpawnerDatabase: {fileID: 11400000, guid: 957118bbc20e37f4384e7f2a95fe8c9a,
    type: 2}
  _spawnMode: 0
  _spawnAxes: 0
  _spawnRadius: 48
  _minimumSpawnRange: 5
  _clusterRange: 4
  _spawnRate: 10
  _useSpawnCircles: 1
  _spawnCircles: 10
  _defaultPopulationCap: 10
  _autoAddSpawnableInterface: 1
  _defaultSpawnAction: SpawnAction_Fader
  _spawnableSettings: {fileID: 0}
  _spawnValidator: {fileID: 0}
  _delaySpawnsOnStart: 5
  _spawnOutsidePlayerFOV: 0
  _despawnOutsidePlayerFOV: 0
  _minElevation: 0
  _maxElevation: 1000
  _minSlopeAngle: 0
  _maxSlopeAngle: 50
  _autoDetectPlayer: 1
  _playerTag: Player
  _playerTransform: {fileID: 0}
  _timeSyncFrequency: 5
  _weatherSyncFrequency: 5
  _generateNavMesh: 0
  _cellDivisions: 8
  _navCheckRadius: 32
  _agentSlope: 45
  _agentHeight: 2
  _agentStepHeight: 0.4
  _generateNavMeshLinks: 1
  _linksPerCell: 16
  _linkActivatorTags: []
  _navMeshIgnoreLayers:
    serializedVersion: 2
    m_Bits: 1073741828
  _raycastDistance: 1000
  _disableBiomeSpawns: 0
  _disableAreaSpawns: 0
  _biomes:
  - {fileID: 607235320}
  _sphereCastRadius: 0.25
  _sphereCastDistance: 1.25
--- !u!1 &622476072
GameObject:
  m_ObjectHideFlags: 0
  m_CorrespondingSourceObject: {fileID: 0}
  m_PrefabInstance: {fileID: 0}
  m_PrefabAsset: {fileID: 0}
  serializedVersion: 6
  m_Component:
  - component: {fileID: 622476075}
  - component: {fileID: 622476074}
  - component: {fileID: 622476073}
  m_Layer: 0
  m_Name: Terrain
  m_TagString: Untagged
  m_Icon: {fileID: 0}
  m_NavMeshLayer: 0
  m_StaticEditorFlags: 4294967295
  m_IsActive: 1
--- !u!154 &622476073
TerrainCollider:
  m_ObjectHideFlags: 0
  m_CorrespondingSourceObject: {fileID: 0}
  m_PrefabInstance: {fileID: 0}
  m_PrefabAsset: {fileID: 0}
  m_GameObject: {fileID: 622476072}
  m_Material: {fileID: 0}
  m_Enabled: 1
  m_TerrainData: {fileID: 15600000, guid: 6c7afd349e8833c4b9632f6b77543cb5, type: 2}
  m_EnableTreeColliders: 1
--- !u!218 &622476074
Terrain:
  m_ObjectHideFlags: 0
  m_CorrespondingSourceObject: {fileID: 0}
  m_PrefabInstance: {fileID: 0}
  m_PrefabAsset: {fileID: 0}
  m_GameObject: {fileID: 622476072}
  m_Enabled: 1
  serializedVersion: 6
  m_TerrainData: {fileID: 15600000, guid: 6c7afd349e8833c4b9632f6b77543cb5, type: 2}
  m_TreeDistance: 5000
  m_TreeBillboardDistance: 50
  m_TreeCrossFadeLength: 5
  m_TreeMaximumFullLODCount: 50
  m_DetailObjectDistance: 80
  m_DetailObjectDensity: 1
  m_HeightmapPixelError: 5
  m_SplatMapDistance: 1000
  m_HeightmapMaximumLOD: 0
  m_ShadowCastingMode: 2
  m_DrawHeightmap: 1
  m_DrawInstanced: 0
  m_DrawTreesAndFoliage: 1
  m_ReflectionProbeUsage: 1
  m_MaterialTemplate: {fileID: 10652, guid: 0000000000000000f000000000000000, type: 0}
  m_BakeLightProbesForTrees: 1
  m_PreserveTreePrototypeLayers: 0
  m_DeringLightProbesForTrees: 1
  m_ScaleInLightmap: 0.0256
  m_LightmapParameters: {fileID: 15203, guid: 0000000000000000f000000000000000, type: 0}
  m_GroupingID: 0
  m_RenderingLayerMask: 1
  m_AllowAutoConnect: 1
--- !u!4 &622476075
Transform:
  m_ObjectHideFlags: 0
  m_CorrespondingSourceObject: {fileID: 0}
  m_PrefabInstance: {fileID: 0}
  m_PrefabAsset: {fileID: 0}
  m_GameObject: {fileID: 622476072}
  m_LocalRotation: {x: 0, y: 0, z: 0, w: 1}
  m_LocalPosition: {x: 0, y: 0, z: 0}
  m_LocalScale: {x: 1, y: 1, z: 1}
  m_Children: []
  m_Father: {fileID: 0}
  m_RootOrder: 12
  m_LocalEulerAnglesHint: {x: 0, y: 0, z: 0}
--- !u!1 &643649111
GameObject:
  m_ObjectHideFlags: 1
  m_CorrespondingSourceObject: {fileID: 0}
  m_PrefabInstance: {fileID: 0}
  m_PrefabAsset: {fileID: 0}
  serializedVersion: 6
  m_Component:
  - component: {fileID: 643649112}
  - component: {fileID: 643649113}
  m_Layer: 0
  m_Name: WanderAI-Green
  m_TagString: Untagged
  m_Icon: {fileID: 0}
  m_NavMeshLayer: 0
  m_StaticEditorFlags: 0
  m_IsActive: 1
--- !u!4 &643649112
Transform:
  m_ObjectHideFlags: 1
  m_CorrespondingSourceObject: {fileID: 0}
  m_PrefabInstance: {fileID: 0}
  m_PrefabAsset: {fileID: 0}
  m_GameObject: {fileID: 643649111}
  m_LocalRotation: {x: 0, y: 0, z: 0, w: 1}
  m_LocalPosition: {x: 0, y: 0, z: 0}
  m_LocalScale: {x: 1, y: 1, z: 1}
  m_Children: []
  m_Father: {fileID: 1712122385}
  m_RootOrder: 1
  m_LocalEulerAnglesHint: {x: 0, y: 0, z: 0}
--- !u!114 &643649113
MonoBehaviour:
  m_ObjectHideFlags: 1
  m_CorrespondingSourceObject: {fileID: 0}
  m_PrefabInstance: {fileID: 0}
  m_PrefabAsset: {fileID: 0}
  m_GameObject: {fileID: 643649111}
  m_Enabled: 1
  m_EditorHideFlags: 0
  m_Script: {fileID: 11500000, guid: b8759c3133548aa4988297a2aa85e6e1, type: 3}
  m_Name: 
  m_EditorClassIdentifier: 
  _prefab: {fileID: 3267362719257062431, guid: 971cf8f3866601a40accbb6df345066b, type: 3}
  _initialQuantity: 10
  _reusable: 1
  _growCapacity: 0
  _enableNavmeshAgentOnSpawn: 1
  _hideInstancesInHierarchy: 0
  _parentTransform: {fileID: 0}
--- !u!1 &719113142
GameObject:
  m_ObjectHideFlags: 0
  m_CorrespondingSourceObject: {fileID: 0}
  m_PrefabInstance: {fileID: 0}
  m_PrefabAsset: {fileID: 0}
  serializedVersion: 6
  m_Component:
  - component: {fileID: 719113143}
  - component: {fileID: 719113145}
  - component: {fileID: 719113144}
  m_Layer: 5
  m_Name: Demo Information-Shadow
  m_TagString: Untagged
  m_Icon: {fileID: 0}
  m_NavMeshLayer: 0
  m_StaticEditorFlags: 0
  m_IsActive: 1
--- !u!224 &719113143
RectTransform:
  m_ObjectHideFlags: 0
  m_CorrespondingSourceObject: {fileID: 0}
  m_PrefabInstance: {fileID: 0}
  m_PrefabAsset: {fileID: 0}
  m_GameObject: {fileID: 719113142}
  m_LocalRotation: {x: -0, y: -0, z: -0, w: 1}
  m_LocalPosition: {x: 0, y: 0, z: 0}
  m_LocalScale: {x: 0.5, y: 0.5, z: 0.5}
  m_Children: []
  m_Father: {fileID: 159049120}
  m_RootOrder: 1
  m_LocalEulerAnglesHint: {x: 0, y: 0, z: 0}
  m_AnchorMin: {x: 0.5, y: 0.5}
  m_AnchorMax: {x: 0.5, y: 0.5}
  m_AnchoredPosition: {x: -759.2, y: -455.08}
  m_SizeDelta: {x: 658.3198, y: 204.84325}
  m_Pivot: {x: 0.5, y: 0.5}
--- !u!114 &719113144
MonoBehaviour:
  m_ObjectHideFlags: 0
  m_CorrespondingSourceObject: {fileID: 0}
  m_PrefabInstance: {fileID: 0}
  m_PrefabAsset: {fileID: 0}
  m_GameObject: {fileID: 719113142}
  m_Enabled: 1
  m_EditorHideFlags: 0
  m_Script: {fileID: 11500000, guid: 5f7201a12d95ffc409449d95f23cf332, type: 3}
  m_Name: 
  m_EditorClassIdentifier: 
  m_Material: {fileID: 0}
  m_Color: {r: 0.1509434, g: 0.13741545, b: 0.13741545, a: 1}
  m_RaycastTarget: 0
  m_RaycastPadding: {x: 0, y: 0, z: 0, w: 0}
  m_Maskable: 1
  m_OnCullStateChanged:
    m_PersistentCalls:
      m_Calls: []
  m_FontData:
    m_Font: {fileID: 10102, guid: 0000000000000000e000000000000000, type: 0}
    m_FontSize: 32
    m_FontStyle: 0
    m_BestFit: 0
    m_MinSize: 3
    m_MaxSize: 40
    m_Alignment: 0
    m_AlignByGeometry: 0
    m_RichText: 1
    m_HorizontalOverflow: 0
    m_VerticalOverflow: 0
    m_LineSpacing: 1
  m_Text: 'Areas - Suppress Biomes

    The white capsule represents the player.
    Green and Blue AI will spawn in the village area and Red AI will only spawn outside
    the village area.'
--- !u!222 &719113145
CanvasRenderer:
  m_ObjectHideFlags: 0
  m_CorrespondingSourceObject: {fileID: 0}
  m_PrefabInstance: {fileID: 0}
  m_PrefabAsset: {fileID: 0}
  m_GameObject: {fileID: 719113142}
  m_CullTransparentMesh: 0
--- !u!1001 &777348061
PrefabInstance:
  m_ObjectHideFlags: 0
  serializedVersion: 2
  m_Modification:
    m_TransformParent: {fileID: 0}
    m_Modifications:
    - target: {fileID: 1661518001422291506, guid: 2423a5244fb1e4a44a298b96c4d8ae2d,
        type: 3}
      propertyPath: m_Layer
      value: 30
      objectReference: {fileID: 0}
    - target: {fileID: 3657604697379469573, guid: 2423a5244fb1e4a44a298b96c4d8ae2d,
        type: 3}
      propertyPath: m_Layer
      value: 30
      objectReference: {fileID: 0}
    - target: {fileID: 7707681266990651504, guid: 2423a5244fb1e4a44a298b96c4d8ae2d,
        type: 3}
      propertyPath: m_RootOrder
      value: 4
      objectReference: {fileID: 0}
    - target: {fileID: 7707681266990651504, guid: 2423a5244fb1e4a44a298b96c4d8ae2d,
        type: 3}
      propertyPath: m_LocalPosition.x
      value: 71.203445
      objectReference: {fileID: 0}
    - target: {fileID: 7707681266990651504, guid: 2423a5244fb1e4a44a298b96c4d8ae2d,
        type: 3}
      propertyPath: m_LocalPosition.y
      value: 2.8017278
      objectReference: {fileID: 0}
    - target: {fileID: 7707681266990651504, guid: 2423a5244fb1e4a44a298b96c4d8ae2d,
        type: 3}
      propertyPath: m_LocalPosition.z
      value: 53.023895
      objectReference: {fileID: 0}
    - target: {fileID: 7707681266990651504, guid: 2423a5244fb1e4a44a298b96c4d8ae2d,
        type: 3}
      propertyPath: m_LocalRotation.w
      value: 1
      objectReference: {fileID: 0}
    - target: {fileID: 7707681266990651504, guid: 2423a5244fb1e4a44a298b96c4d8ae2d,
        type: 3}
      propertyPath: m_LocalRotation.x
      value: 0
      objectReference: {fileID: 0}
    - target: {fileID: 7707681266990651504, guid: 2423a5244fb1e4a44a298b96c4d8ae2d,
        type: 3}
      propertyPath: m_LocalRotation.y
      value: 0
      objectReference: {fileID: 0}
    - target: {fileID: 7707681266990651504, guid: 2423a5244fb1e4a44a298b96c4d8ae2d,
        type: 3}
      propertyPath: m_LocalRotation.z
      value: 0
      objectReference: {fileID: 0}
    - target: {fileID: 7707681266990651504, guid: 2423a5244fb1e4a44a298b96c4d8ae2d,
        type: 3}
      propertyPath: m_LocalEulerAnglesHint.x
      value: 0
      objectReference: {fileID: 0}
    - target: {fileID: 7707681266990651504, guid: 2423a5244fb1e4a44a298b96c4d8ae2d,
        type: 3}
      propertyPath: m_LocalEulerAnglesHint.y
      value: 0
      objectReference: {fileID: 0}
    - target: {fileID: 7707681266990651504, guid: 2423a5244fb1e4a44a298b96c4d8ae2d,
        type: 3}
      propertyPath: m_LocalEulerAnglesHint.z
      value: 0
      objectReference: {fileID: 0}
    - target: {fileID: 8973588834437623671, guid: 2423a5244fb1e4a44a298b96c4d8ae2d,
        type: 3}
      propertyPath: m_Layer
      value: 30
      objectReference: {fileID: 0}
    - target: {fileID: 9094626784810958287, guid: 2423a5244fb1e4a44a298b96c4d8ae2d,
        type: 3}
      propertyPath: m_Name
      value: House (1)
      objectReference: {fileID: 0}
    - target: {fileID: 9094626784810958287, guid: 2423a5244fb1e4a44a298b96c4d8ae2d,
        type: 3}
      propertyPath: m_Layer
      value: 30
      objectReference: {fileID: 0}
    m_RemovedComponents: []
  m_SourcePrefab: {fileID: 100100000, guid: 2423a5244fb1e4a44a298b96c4d8ae2d, type: 3}
--- !u!1001 &844524454
PrefabInstance:
  m_ObjectHideFlags: 0
  serializedVersion: 2
  m_Modification:
    m_TransformParent: {fileID: 0}
    m_Modifications:
    - target: {fileID: 1661518001422291506, guid: 2423a5244fb1e4a44a298b96c4d8ae2d,
        type: 3}
      propertyPath: m_Layer
      value: 30
      objectReference: {fileID: 0}
    - target: {fileID: 3657604697379469573, guid: 2423a5244fb1e4a44a298b96c4d8ae2d,
        type: 3}
      propertyPath: m_Layer
      value: 30
      objectReference: {fileID: 0}
    - target: {fileID: 7707681266990651504, guid: 2423a5244fb1e4a44a298b96c4d8ae2d,
        type: 3}
      propertyPath: m_RootOrder
      value: 5
      objectReference: {fileID: 0}
    - target: {fileID: 7707681266990651504, guid: 2423a5244fb1e4a44a298b96c4d8ae2d,
        type: 3}
      propertyPath: m_LocalPosition.x
      value: 40.21529
      objectReference: {fileID: 0}
    - target: {fileID: 7707681266990651504, guid: 2423a5244fb1e4a44a298b96c4d8ae2d,
        type: 3}
      propertyPath: m_LocalPosition.y
      value: 2.8017201
      objectReference: {fileID: 0}
    - target: {fileID: 7707681266990651504, guid: 2423a5244fb1e4a44a298b96c4d8ae2d,
        type: 3}
      propertyPath: m_LocalPosition.z
      value: 61.266605
      objectReference: {fileID: 0}
    - target: {fileID: 7707681266990651504, guid: 2423a5244fb1e4a44a298b96c4d8ae2d,
        type: 3}
      propertyPath: m_LocalRotation.w
      value: 0.98785585
      objectReference: {fileID: 0}
    - target: {fileID: 7707681266990651504, guid: 2423a5244fb1e4a44a298b96c4d8ae2d,
        type: 3}
      propertyPath: m_LocalRotation.x
      value: -0
      objectReference: {fileID: 0}
    - target: {fileID: 7707681266990651504, guid: 2423a5244fb1e4a44a298b96c4d8ae2d,
        type: 3}
      propertyPath: m_LocalRotation.y
      value: -0.15537377
      objectReference: {fileID: 0}
    - target: {fileID: 7707681266990651504, guid: 2423a5244fb1e4a44a298b96c4d8ae2d,
        type: 3}
      propertyPath: m_LocalRotation.z
      value: -0
      objectReference: {fileID: 0}
    - target: {fileID: 7707681266990651504, guid: 2423a5244fb1e4a44a298b96c4d8ae2d,
        type: 3}
      propertyPath: m_LocalEulerAnglesHint.x
      value: 0
      objectReference: {fileID: 0}
    - target: {fileID: 7707681266990651504, guid: 2423a5244fb1e4a44a298b96c4d8ae2d,
        type: 3}
      propertyPath: m_LocalEulerAnglesHint.y
      value: -17.877
      objectReference: {fileID: 0}
    - target: {fileID: 7707681266990651504, guid: 2423a5244fb1e4a44a298b96c4d8ae2d,
        type: 3}
      propertyPath: m_LocalEulerAnglesHint.z
      value: 0
      objectReference: {fileID: 0}
    - target: {fileID: 8973588834437623671, guid: 2423a5244fb1e4a44a298b96c4d8ae2d,
        type: 3}
      propertyPath: m_Layer
      value: 30
      objectReference: {fileID: 0}
    - target: {fileID: 9094626784810958287, guid: 2423a5244fb1e4a44a298b96c4d8ae2d,
        type: 3}
      propertyPath: m_Name
      value: House (3)
      objectReference: {fileID: 0}
    - target: {fileID: 9094626784810958287, guid: 2423a5244fb1e4a44a298b96c4d8ae2d,
        type: 3}
      propertyPath: m_Layer
      value: 30
      objectReference: {fileID: 0}
    m_RemovedComponents: []
  m_SourcePrefab: {fileID: 100100000, guid: 2423a5244fb1e4a44a298b96c4d8ae2d, type: 3}
--- !u!1 &854072706
GameObject:
  m_ObjectHideFlags: 0
  m_CorrespondingSourceObject: {fileID: 0}
  m_PrefabInstance: {fileID: 0}
  m_PrefabAsset: {fileID: 0}
  serializedVersion: 6
  m_Component:
  - component: {fileID: 854072708}
  - component: {fileID: 854072707}
  m_Layer: 0
  m_Name: SoulLink
  m_TagString: Untagged
  m_Icon: {fileID: 0}
  m_NavMeshLayer: 0
  m_StaticEditorFlags: 0
  m_IsActive: 1
--- !u!114 &854072707
MonoBehaviour:
  m_ObjectHideFlags: 0
  m_CorrespondingSourceObject: {fileID: 0}
  m_PrefabInstance: {fileID: 0}
  m_PrefabAsset: {fileID: 0}
  m_GameObject: {fileID: 854072706}
  m_Enabled: 1
  m_EditorHideFlags: 0
  m_Script: {fileID: 11500000, guid: cb98f26a2068ea84b9f9bbe75b748e75, type: 3}
  m_Name: 
  m_EditorClassIdentifier: 
  _debugMode: 0
  _writeToFile: 0
  _logFileName: SoulLink.log
  versionsFoldoutState: 0
--- !u!4 &854072708
Transform:
  m_ObjectHideFlags: 0
  m_CorrespondingSourceObject: {fileID: 0}
  m_PrefabInstance: {fileID: 0}
  m_PrefabAsset: {fileID: 0}
  m_GameObject: {fileID: 854072706}
  m_LocalRotation: {x: 0, y: 0, z: 0, w: 1}
  m_LocalPosition: {x: 0, y: 0, z: 0}
  m_LocalScale: {x: 1, y: 1, z: 1}
  m_Children:
  - {fileID: 607235319}
  - {fileID: 1712122385}
  - {fileID: 150860465}
  - {fileID: 1398256999}
  m_Father: {fileID: 0}
  m_RootOrder: 10
  m_LocalEulerAnglesHint: {x: 0, y: 0, z: 0}
--- !u!1 &860122794
GameObject:
  m_ObjectHideFlags: 0
  m_CorrespondingSourceObject: {fileID: 0}
  m_PrefabInstance: {fileID: 0}
  m_PrefabAsset: {fileID: 0}
  serializedVersion: 6
  m_Component:
  - component: {fileID: 860122795}
  - component: {fileID: 860122797}
  - component: {fileID: 860122796}
  m_Layer: 5
  m_Name: Demo Information
  m_TagString: Untagged
  m_Icon: {fileID: 0}
  m_NavMeshLayer: 0
  m_StaticEditorFlags: 0
  m_IsActive: 1
--- !u!224 &860122795
RectTransform:
  m_ObjectHideFlags: 0
  m_CorrespondingSourceObject: {fileID: 0}
  m_PrefabInstance: {fileID: 0}
  m_PrefabAsset: {fileID: 0}
  m_GameObject: {fileID: 860122794}
  m_LocalRotation: {x: -0, y: -0, z: -0, w: 1}
  m_LocalPosition: {x: 0, y: 0, z: 0}
  m_LocalScale: {x: 0.5, y: 0.5, z: 0.5}
  m_Children: []
  m_Father: {fileID: 159049120}
  m_RootOrder: 2
  m_LocalEulerAnglesHint: {x: 0, y: 0, z: 0}
  m_AnchorMin: {x: 0.5, y: 0.5}
  m_AnchorMax: {x: 0.5, y: 0.5}
  m_AnchoredPosition: {x: -759.2, y: -452.9}
  m_SizeDelta: {x: 658.3198, y: 204.84325}
  m_Pivot: {x: 0.5, y: 0.5}
--- !u!114 &860122796
MonoBehaviour:
  m_ObjectHideFlags: 0
  m_CorrespondingSourceObject: {fileID: 0}
  m_PrefabInstance: {fileID: 0}
  m_PrefabAsset: {fileID: 0}
  m_GameObject: {fileID: 860122794}
  m_Enabled: 1
  m_EditorHideFlags: 0
  m_Script: {fileID: 11500000, guid: 5f7201a12d95ffc409449d95f23cf332, type: 3}
  m_Name: 
  m_EditorClassIdentifier: 
  m_Material: {fileID: 0}
  m_Color: {r: 1, g: 1, b: 1, a: 1}
  m_RaycastTarget: 0
  m_RaycastPadding: {x: 0, y: 0, z: 0, w: 0}
  m_Maskable: 1
  m_OnCullStateChanged:
    m_PersistentCalls:
      m_Calls: []
  m_FontData:
    m_Font: {fileID: 10102, guid: 0000000000000000e000000000000000, type: 0}
    m_FontSize: 32
    m_FontStyle: 0
    m_BestFit: 0
    m_MinSize: 3
    m_MaxSize: 40
    m_Alignment: 0
    m_AlignByGeometry: 0
    m_RichText: 1
    m_HorizontalOverflow: 0
    m_VerticalOverflow: 0
    m_LineSpacing: 1
  m_Text: 'Areas - Suppress Biomes

    The white capsule represents the player.
    Green and Blue AI will spawn in the village area and Red AI will only spawn outside
    the village area.'
--- !u!222 &860122797
CanvasRenderer:
  m_ObjectHideFlags: 0
  m_CorrespondingSourceObject: {fileID: 0}
  m_PrefabInstance: {fileID: 0}
  m_PrefabAsset: {fileID: 0}
  m_GameObject: {fileID: 860122794}
  m_CullTransparentMesh: 0
--- !u!1 &1133371296
GameObject:
  m_ObjectHideFlags: 0
  m_CorrespondingSourceObject: {fileID: 0}
  m_PrefabInstance: {fileID: 0}
  m_PrefabAsset: {fileID: 0}
  serializedVersion: 6
  m_Component:
  - component: {fileID: 1133371299}
  - component: {fileID: 1133371298}
  - component: {fileID: 1133371297}
  m_Layer: 0
  m_Name: EventSystem
  m_TagString: Untagged
  m_Icon: {fileID: 0}
  m_NavMeshLayer: 0
  m_StaticEditorFlags: 0
  m_IsActive: 1
--- !u!114 &1133371297
MonoBehaviour:
  m_ObjectHideFlags: 0
  m_CorrespondingSourceObject: {fileID: 0}
  m_PrefabInstance: {fileID: 0}
  m_PrefabAsset: {fileID: 0}
  m_GameObject: {fileID: 1133371296}
  m_Enabled: 1
  m_EditorHideFlags: 0
  m_Script: {fileID: 11500000, guid: 4f231c4fb786f3946a6b90b886c48677, type: 3}
  m_Name: 
  m_EditorClassIdentifier: 
  m_HorizontalAxis: Horizontal
  m_VerticalAxis: Vertical
  m_SubmitButton: Submit
  m_CancelButton: Cancel
  m_InputActionsPerSecond: 10
  m_RepeatDelay: 0.5
  m_ForceModuleActive: 0
--- !u!114 &1133371298
MonoBehaviour:
  m_ObjectHideFlags: 0
  m_CorrespondingSourceObject: {fileID: 0}
  m_PrefabInstance: {fileID: 0}
  m_PrefabAsset: {fileID: 0}
  m_GameObject: {fileID: 1133371296}
  m_Enabled: 1
  m_EditorHideFlags: 0
  m_Script: {fileID: 11500000, guid: 76c392e42b5098c458856cdf6ecaaaa1, type: 3}
  m_Name: 
  m_EditorClassIdentifier: 
  m_FirstSelected: {fileID: 0}
  m_sendNavigationEvents: 1
  m_DragThreshold: 10
--- !u!4 &1133371299
Transform:
  m_ObjectHideFlags: 0
  m_CorrespondingSourceObject: {fileID: 0}
  m_PrefabInstance: {fileID: 0}
  m_PrefabAsset: {fileID: 0}
  m_GameObject: {fileID: 1133371296}
  m_LocalRotation: {x: 0, y: 0, z: 0, w: 1}
  m_LocalPosition: {x: 0, y: 0, z: 0}
  m_LocalScale: {x: 1, y: 1, z: 1}
  m_Children: []
  m_Father: {fileID: 0}
  m_RootOrder: 9
  m_LocalEulerAnglesHint: {x: 0, y: 0, z: 0}
--- !u!1001 &1398256998
PrefabInstance:
  m_ObjectHideFlags: 0
  serializedVersion: 2
  m_Modification:
    m_TransformParent: {fileID: 854072708}
    m_Modifications:
    - target: {fileID: 1331228828990061039, guid: 138cc6618809f8d4abd1eede32b01146,
        type: 3}
      propertyPath: m_Pivot.x
      value: 0
      objectReference: {fileID: 0}
    - target: {fileID: 1331228828990061039, guid: 138cc6618809f8d4abd1eede32b01146,
        type: 3}
      propertyPath: m_Pivot.y
      value: 0
      objectReference: {fileID: 0}
    - target: {fileID: 1331228828990061039, guid: 138cc6618809f8d4abd1eede32b01146,
        type: 3}
      propertyPath: m_RootOrder
      value: 3
      objectReference: {fileID: 0}
    - target: {fileID: 1331228828990061039, guid: 138cc6618809f8d4abd1eede32b01146,
        type: 3}
      propertyPath: m_AnchorMax.x
      value: 0
      objectReference: {fileID: 0}
    - target: {fileID: 1331228828990061039, guid: 138cc6618809f8d4abd1eede32b01146,
        type: 3}
      propertyPath: m_AnchorMax.y
      value: 0
      objectReference: {fileID: 0}
    - target: {fileID: 1331228828990061039, guid: 138cc6618809f8d4abd1eede32b01146,
        type: 3}
      propertyPath: m_AnchorMin.x
      value: 0
      objectReference: {fileID: 0}
    - target: {fileID: 1331228828990061039, guid: 138cc6618809f8d4abd1eede32b01146,
        type: 3}
      propertyPath: m_AnchorMin.y
      value: 0
      objectReference: {fileID: 0}
    - target: {fileID: 1331228828990061039, guid: 138cc6618809f8d4abd1eede32b01146,
        type: 3}
      propertyPath: m_SizeDelta.x
      value: 0
      objectReference: {fileID: 0}
    - target: {fileID: 1331228828990061039, guid: 138cc6618809f8d4abd1eede32b01146,
        type: 3}
      propertyPath: m_SizeDelta.y
      value: 0
      objectReference: {fileID: 0}
    - target: {fileID: 1331228828990061039, guid: 138cc6618809f8d4abd1eede32b01146,
        type: 3}
      propertyPath: m_LocalPosition.x
      value: 0
      objectReference: {fileID: 0}
    - target: {fileID: 1331228828990061039, guid: 138cc6618809f8d4abd1eede32b01146,
        type: 3}
      propertyPath: m_LocalPosition.y
      value: 0
      objectReference: {fileID: 0}
    - target: {fileID: 1331228828990061039, guid: 138cc6618809f8d4abd1eede32b01146,
        type: 3}
      propertyPath: m_LocalPosition.z
      value: 0
      objectReference: {fileID: 0}
    - target: {fileID: 1331228828990061039, guid: 138cc6618809f8d4abd1eede32b01146,
        type: 3}
      propertyPath: m_LocalRotation.w
      value: 1
      objectReference: {fileID: 0}
    - target: {fileID: 1331228828990061039, guid: 138cc6618809f8d4abd1eede32b01146,
        type: 3}
      propertyPath: m_LocalRotation.x
      value: 0
      objectReference: {fileID: 0}
    - target: {fileID: 1331228828990061039, guid: 138cc6618809f8d4abd1eede32b01146,
        type: 3}
      propertyPath: m_LocalRotation.y
      value: 0
      objectReference: {fileID: 0}
    - target: {fileID: 1331228828990061039, guid: 138cc6618809f8d4abd1eede32b01146,
        type: 3}
      propertyPath: m_LocalRotation.z
      value: 0
      objectReference: {fileID: 0}
    - target: {fileID: 1331228828990061039, guid: 138cc6618809f8d4abd1eede32b01146,
        type: 3}
      propertyPath: m_AnchoredPosition.x
      value: 0
      objectReference: {fileID: 0}
    - target: {fileID: 1331228828990061039, guid: 138cc6618809f8d4abd1eede32b01146,
        type: 3}
      propertyPath: m_AnchoredPosition.y
      value: 0
      objectReference: {fileID: 0}
    - target: {fileID: 1331228828990061039, guid: 138cc6618809f8d4abd1eede32b01146,
        type: 3}
      propertyPath: m_LocalEulerAnglesHint.x
      value: 0
      objectReference: {fileID: 0}
    - target: {fileID: 1331228828990061039, guid: 138cc6618809f8d4abd1eede32b01146,
        type: 3}
      propertyPath: m_LocalEulerAnglesHint.y
      value: 0
      objectReference: {fileID: 0}
    - target: {fileID: 1331228828990061039, guid: 138cc6618809f8d4abd1eede32b01146,
        type: 3}
      propertyPath: m_LocalEulerAnglesHint.z
      value: 0
      objectReference: {fileID: 0}
    - target: {fileID: 1331228828990061042, guid: 138cc6618809f8d4abd1eede32b01146,
        type: 3}
      propertyPath: m_Name
      value: SpawnerDebugCanvas
      objectReference: {fileID: 0}
    m_RemovedComponents: []
  m_SourcePrefab: {fileID: 100100000, guid: 138cc6618809f8d4abd1eede32b01146, type: 3}
--- !u!224 &1398256999 stripped
RectTransform:
  m_CorrespondingSourceObject: {fileID: 1331228828990061039, guid: 138cc6618809f8d4abd1eede32b01146,
    type: 3}
  m_PrefabInstance: {fileID: 1398256998}
  m_PrefabAsset: {fileID: 0}
--- !u!1 &1428162867
GameObject:
  m_ObjectHideFlags: 1
  m_CorrespondingSourceObject: {fileID: 0}
  m_PrefabInstance: {fileID: 0}
  m_PrefabAsset: {fileID: 0}
  serializedVersion: 6
  m_Component:
  - component: {fileID: 1428162868}
  - component: {fileID: 1428162869}
  m_Layer: 0
  m_Name: WanderAI-Blue
  m_TagString: Untagged
  m_Icon: {fileID: 0}
  m_NavMeshLayer: 0
  m_StaticEditorFlags: 0
  m_IsActive: 1
--- !u!4 &1428162868
Transform:
  m_ObjectHideFlags: 1
  m_CorrespondingSourceObject: {fileID: 0}
  m_PrefabInstance: {fileID: 0}
  m_PrefabAsset: {fileID: 0}
  m_GameObject: {fileID: 1428162867}
  m_LocalRotation: {x: 0, y: 0, z: 0, w: 1}
  m_LocalPosition: {x: 0, y: 0, z: 0}
  m_LocalScale: {x: 1, y: 1, z: 1}
  m_Children: []
  m_Father: {fileID: 1712122385}
  m_RootOrder: 2
  m_LocalEulerAnglesHint: {x: 0, y: 0, z: 0}
--- !u!114 &1428162869
MonoBehaviour:
  m_ObjectHideFlags: 1
  m_CorrespondingSourceObject: {fileID: 0}
  m_PrefabInstance: {fileID: 0}
  m_PrefabAsset: {fileID: 0}
  m_GameObject: {fileID: 1428162867}
  m_Enabled: 1
  m_EditorHideFlags: 0
  m_Script: {fileID: 11500000, guid: b8759c3133548aa4988297a2aa85e6e1, type: 3}
  m_Name: 
  m_EditorClassIdentifier: 
  _prefab: {fileID: 3267362719257062431, guid: 6a2525210e10c894b8d179ba84885497, type: 3}
  _initialQuantity: 10
  _reusable: 1
  _growCapacity: 0
  _enableNavmeshAgentOnSpawn: 1
  _hideInstancesInHierarchy: 0
  _parentTransform: {fileID: 0}
--- !u!1001 &1522220168
PrefabInstance:
  m_ObjectHideFlags: 0
  serializedVersion: 2
  m_Modification:
    m_TransformParent: {fileID: 0}
    m_Modifications:
    - target: {fileID: 1661518001422291506, guid: 2423a5244fb1e4a44a298b96c4d8ae2d,
        type: 3}
      propertyPath: m_Layer
      value: 30
      objectReference: {fileID: 0}
    - target: {fileID: 3657604697379469573, guid: 2423a5244fb1e4a44a298b96c4d8ae2d,
        type: 3}
      propertyPath: m_Layer
      value: 30
      objectReference: {fileID: 0}
    - target: {fileID: 7707681266990651504, guid: 2423a5244fb1e4a44a298b96c4d8ae2d,
        type: 3}
      propertyPath: m_RootOrder
      value: 6
      objectReference: {fileID: 0}
    - target: {fileID: 7707681266990651504, guid: 2423a5244fb1e4a44a298b96c4d8ae2d,
        type: 3}
      propertyPath: m_LocalPosition.x
      value: 49.64
      objectReference: {fileID: 0}
    - target: {fileID: 7707681266990651504, guid: 2423a5244fb1e4a44a298b96c4d8ae2d,
        type: 3}
      propertyPath: m_LocalPosition.y
      value: 2.8017201
      objectReference: {fileID: 0}
    - target: {fileID: 7707681266990651504, guid: 2423a5244fb1e4a44a298b96c4d8ae2d,
        type: 3}
      propertyPath: m_LocalPosition.z
      value: 84.05
      objectReference: {fileID: 0}
    - target: {fileID: 7707681266990651504, guid: 2423a5244fb1e4a44a298b96c4d8ae2d,
        type: 3}
      propertyPath: m_LocalRotation.w
      value: 1
      objectReference: {fileID: 0}
    - target: {fileID: 7707681266990651504, guid: 2423a5244fb1e4a44a298b96c4d8ae2d,
        type: 3}
      propertyPath: m_LocalRotation.x
      value: 0
      objectReference: {fileID: 0}
    - target: {fileID: 7707681266990651504, guid: 2423a5244fb1e4a44a298b96c4d8ae2d,
        type: 3}
      propertyPath: m_LocalRotation.y
      value: 0
      objectReference: {fileID: 0}
    - target: {fileID: 7707681266990651504, guid: 2423a5244fb1e4a44a298b96c4d8ae2d,
        type: 3}
      propertyPath: m_LocalRotation.z
      value: 0
      objectReference: {fileID: 0}
    - target: {fileID: 7707681266990651504, guid: 2423a5244fb1e4a44a298b96c4d8ae2d,
        type: 3}
      propertyPath: m_LocalEulerAnglesHint.x
      value: 0
      objectReference: {fileID: 0}
    - target: {fileID: 7707681266990651504, guid: 2423a5244fb1e4a44a298b96c4d8ae2d,
        type: 3}
      propertyPath: m_LocalEulerAnglesHint.y
      value: 0
      objectReference: {fileID: 0}
    - target: {fileID: 7707681266990651504, guid: 2423a5244fb1e4a44a298b96c4d8ae2d,
        type: 3}
      propertyPath: m_LocalEulerAnglesHint.z
      value: 0
      objectReference: {fileID: 0}
    - target: {fileID: 8973588834437623671, guid: 2423a5244fb1e4a44a298b96c4d8ae2d,
        type: 3}
      propertyPath: m_Layer
      value: 30
      objectReference: {fileID: 0}
    - target: {fileID: 9094626784810958287, guid: 2423a5244fb1e4a44a298b96c4d8ae2d,
        type: 3}
      propertyPath: m_Name
      value: House (2)
      objectReference: {fileID: 0}
    - target: {fileID: 9094626784810958287, guid: 2423a5244fb1e4a44a298b96c4d8ae2d,
        type: 3}
      propertyPath: m_Layer
      value: 30
      objectReference: {fileID: 0}
    m_RemovedComponents: []
  m_SourcePrefab: {fileID: 100100000, guid: 2423a5244fb1e4a44a298b96c4d8ae2d, type: 3}
--- !u!1 &1712122384
GameObject:
  m_ObjectHideFlags: 0
  m_CorrespondingSourceObject: {fileID: 0}
  m_PrefabInstance: {fileID: 0}
  m_PrefabAsset: {fileID: 0}
  serializedVersion: 6
  m_Component:
  - component: {fileID: 1712122385}
  - component: {fileID: 1712122386}
  m_Layer: 0
  m_Name: PoolManager
  m_TagString: Untagged
  m_Icon: {fileID: 0}
  m_NavMeshLayer: 0
  m_StaticEditorFlags: 0
  m_IsActive: 1
--- !u!4 &1712122385
Transform:
  m_ObjectHideFlags: 0
  m_CorrespondingSourceObject: {fileID: 0}
  m_PrefabInstance: {fileID: 0}
  m_PrefabAsset: {fileID: 0}
  m_GameObject: {fileID: 1712122384}
  m_LocalRotation: {x: -0, y: -0, z: -0, w: 1}
  m_LocalPosition: {x: 0, y: 0, z: 0}
  m_LocalScale: {x: 1, y: 1, z: 1}
  m_Children:
  - {fileID: 1916730062}
  - {fileID: 643649112}
  - {fileID: 1428162868}
  m_Father: {fileID: 854072708}
  m_RootOrder: 1
  m_LocalEulerAnglesHint: {x: 0, y: 0, z: 0}
--- !u!114 &1712122386
MonoBehaviour:
  m_ObjectHideFlags: 0
  m_CorrespondingSourceObject: {fileID: 0}
  m_PrefabInstance: {fileID: 0}
  m_PrefabAsset: {fileID: 0}
  m_GameObject: {fileID: 1712122384}
  m_Enabled: 1
  m_EditorHideFlags: 0
  m_Script: {fileID: 11500000, guid: 191b33b8a40c2764e85fd9e7d895d16b, type: 3}
  m_Name: 
  m_EditorClassIdentifier: 
  _categories:
  - Spawner_Areas-SupressBiomes
  _objectPools:
    keys:
    - {fileID: 3267362719257062431, guid: 6a2525210e10c894b8d179ba84885497, type: 3}
    - {fileID: 3267362719257062431, guid: 971cf8f3866601a40accbb6df345066b, type: 3}
    - {fileID: 3267362719257062431, guid: 037bb0835109aa04e8b706f402999c11, type: 3}
    values:
    - {fileID: 1428162869}
    - {fileID: 643649113}
    - {fileID: 1916730063}
  _poolCategories:
    keys:
    - Spawner_Areas-SupressBiomes
    values:
    - keys:
      - {fileID: 3267362719257062431, guid: 037bb0835109aa04e8b706f402999c11, type: 3}
      - {fileID: 3267362719257062431, guid: 971cf8f3866601a40accbb6df345066b, type: 3}
      - {fileID: 3267362719257062431, guid: 6a2525210e10c894b8d179ba84885497, type: 3}
      values:
      - {fileID: 1916730063}
      - {fileID: 643649113}
      - {fileID: 1428162869}
--- !u!1001 &1720923486
PrefabInstance:
  m_ObjectHideFlags: 0
  serializedVersion: 2
  m_Modification:
    m_TransformParent: {fileID: 0}
    m_Modifications:
    - target: {fileID: 1661518001422291506, guid: 2423a5244fb1e4a44a298b96c4d8ae2d,
        type: 3}
      propertyPath: m_Layer
      value: 30
      objectReference: {fileID: 0}
    - target: {fileID: 3657604697379469573, guid: 2423a5244fb1e4a44a298b96c4d8ae2d,
        type: 3}
      propertyPath: m_Layer
      value: 30
      objectReference: {fileID: 0}
    - target: {fileID: 7707681266990651504, guid: 2423a5244fb1e4a44a298b96c4d8ae2d,
        type: 3}
      propertyPath: m_RootOrder
      value: 3
      objectReference: {fileID: 0}
    - target: {fileID: 7707681266990651504, guid: 2423a5244fb1e4a44a298b96c4d8ae2d,
        type: 3}
      propertyPath: m_LocalPosition.x
      value: 55.642
      objectReference: {fileID: 0}
    - target: {fileID: 7707681266990651504, guid: 2423a5244fb1e4a44a298b96c4d8ae2d,
        type: 3}
      propertyPath: m_LocalPosition.y
      value: 2.8017163
      objectReference: {fileID: 0}
    - target: {fileID: 7707681266990651504, guid: 2423a5244fb1e4a44a298b96c4d8ae2d,
        type: 3}
      propertyPath: m_LocalPosition.z
      value: 67.20754
      objectReference: {fileID: 0}
    - target: {fileID: 7707681266990651504, guid: 2423a5244fb1e4a44a298b96c4d8ae2d,
        type: 3}
      propertyPath: m_LocalRotation.w
      value: 0.89529973
      objectReference: {fileID: 0}
    - target: {fileID: 7707681266990651504, guid: 2423a5244fb1e4a44a298b96c4d8ae2d,
        type: 3}
      propertyPath: m_LocalRotation.x
      value: -0
      objectReference: {fileID: 0}
    - target: {fileID: 7707681266990651504, guid: 2423a5244fb1e4a44a298b96c4d8ae2d,
        type: 3}
      propertyPath: m_LocalRotation.y
      value: -0.44546443
      objectReference: {fileID: 0}
    - target: {fileID: 7707681266990651504, guid: 2423a5244fb1e4a44a298b96c4d8ae2d,
        type: 3}
      propertyPath: m_LocalRotation.z
      value: -0
      objectReference: {fileID: 0}
    - target: {fileID: 7707681266990651504, guid: 2423a5244fb1e4a44a298b96c4d8ae2d,
        type: 3}
      propertyPath: m_LocalEulerAnglesHint.x
      value: 0
      objectReference: {fileID: 0}
    - target: {fileID: 7707681266990651504, guid: 2423a5244fb1e4a44a298b96c4d8ae2d,
        type: 3}
      propertyPath: m_LocalEulerAnglesHint.y
      value: -52.906
      objectReference: {fileID: 0}
    - target: {fileID: 7707681266990651504, guid: 2423a5244fb1e4a44a298b96c4d8ae2d,
        type: 3}
      propertyPath: m_LocalEulerAnglesHint.z
      value: 0
      objectReference: {fileID: 0}
    - target: {fileID: 8973588834437623671, guid: 2423a5244fb1e4a44a298b96c4d8ae2d,
        type: 3}
      propertyPath: m_Layer
      value: 30
      objectReference: {fileID: 0}
    - target: {fileID: 9094626784810958287, guid: 2423a5244fb1e4a44a298b96c4d8ae2d,
        type: 3}
      propertyPath: m_Name
      value: House (4)
      objectReference: {fileID: 0}
    - target: {fileID: 9094626784810958287, guid: 2423a5244fb1e4a44a298b96c4d8ae2d,
        type: 3}
      propertyPath: m_Layer
      value: 30
      objectReference: {fileID: 0}
    m_RemovedComponents: []
  m_SourcePrefab: {fileID: 100100000, guid: 2423a5244fb1e4a44a298b96c4d8ae2d, type: 3}
--- !u!1 &1789142349
GameObject:
  m_ObjectHideFlags: 0
  m_CorrespondingSourceObject: {fileID: 0}
  m_PrefabInstance: {fileID: 0}
  m_PrefabAsset: {fileID: 0}
  serializedVersion: 6
  m_Component:
  - component: {fileID: 1789142350}
  - component: {fileID: 1789142352}
  - component: {fileID: 1789142351}
  m_Layer: 5
  m_Name: Image
  m_TagString: Untagged
  m_Icon: {fileID: 0}
  m_NavMeshLayer: 0
  m_StaticEditorFlags: 0
  m_IsActive: 1
--- !u!224 &1789142350
RectTransform:
  m_ObjectHideFlags: 0
  m_CorrespondingSourceObject: {fileID: 0}
  m_PrefabInstance: {fileID: 0}
  m_PrefabAsset: {fileID: 0}
  m_GameObject: {fileID: 1789142349}
  m_LocalRotation: {x: 0, y: 0, z: 0, w: 1}
  m_LocalPosition: {x: 0, y: 0, z: 0}
  m_LocalScale: {x: 1, y: 1, z: 1}
  m_Children: []
  m_Father: {fileID: 159049120}
  m_RootOrder: 0
  m_LocalEulerAnglesHint: {x: 0, y: 0, z: 0}
  m_AnchorMin: {x: 0.5, y: 0.5}
  m_AnchorMax: {x: 0.5, y: 0.5}
  m_AnchoredPosition: {x: -757.09, y: -451.34}
  m_SizeDelta: {x: 346.22034, y: 104.51779}
  m_Pivot: {x: 0.5, y: 0.5}
--- !u!114 &1789142351
MonoBehaviour:
  m_ObjectHideFlags: 0
  m_CorrespondingSourceObject: {fileID: 0}
  m_PrefabInstance: {fileID: 0}
  m_PrefabAsset: {fileID: 0}
  m_GameObject: {fileID: 1789142349}
  m_Enabled: 1
  m_EditorHideFlags: 0
  m_Script: {fileID: 11500000, guid: fe87c0e1cc204ed48ad3b37840f39efc, type: 3}
  m_Name: 
  m_EditorClassIdentifier: 
  m_Material: {fileID: 0}
  m_Color: {r: 0.41451588, g: 0.6767422, b: 0.764151, a: 0.84313726}
  m_RaycastTarget: 1
  m_RaycastPadding: {x: 0, y: 0, z: 0, w: 0}
  m_Maskable: 1
  m_OnCullStateChanged:
    m_PersistentCalls:
      m_Calls: []
  m_Sprite: {fileID: 10907, guid: 0000000000000000f000000000000000, type: 0}
  m_Type: 1
  m_PreserveAspect: 0
  m_FillCenter: 1
  m_FillMethod: 4
  m_FillAmount: 1
  m_FillClockwise: 1
  m_FillOrigin: 0
  m_UseSpriteMesh: 0
  m_PixelsPerUnitMultiplier: 1
--- !u!222 &1789142352
CanvasRenderer:
  m_ObjectHideFlags: 0
  m_CorrespondingSourceObject: {fileID: 0}
  m_PrefabInstance: {fileID: 0}
  m_PrefabAsset: {fileID: 0}
  m_GameObject: {fileID: 1789142349}
  m_CullTransparentMesh: 0
--- !u!1 &1852282630
GameObject:
  m_ObjectHideFlags: 0
  m_CorrespondingSourceObject: {fileID: 0}
  m_PrefabInstance: {fileID: 0}
  m_PrefabAsset: {fileID: 0}
  serializedVersion: 6
  m_Component:
  - component: {fileID: 1852282631}
  - component: {fileID: 1852282633}
  - component: {fileID: 1852282632}
  m_Layer: 0
  m_Name: Main Camera
  m_TagString: MainCamera
  m_Icon: {fileID: 0}
  m_NavMeshLayer: 0
  m_StaticEditorFlags: 0
  m_IsActive: 1
--- !u!4 &1852282631
Transform:
  m_ObjectHideFlags: 0
  m_CorrespondingSourceObject: {fileID: 0}
  m_PrefabInstance: {fileID: 0}
  m_PrefabAsset: {fileID: 0}
  m_GameObject: {fileID: 1852282630}
  m_LocalRotation: {x: 0.1849506, y: 0.7207895, z: -0.21024148, w: 0.6340776}
  m_LocalPosition: {x: -40.513466, y: 21.67156, z: 5.914383}
  m_LocalScale: {x: 1, y: 1, z: 1}
  m_Children: []
  m_Father: {fileID: 1993873939}
  m_RootOrder: 0
  m_LocalEulerAnglesHint: {x: 0, y: 0, z: 0}
--- !u!81 &1852282632
AudioListener:
  m_ObjectHideFlags: 0
  m_CorrespondingSourceObject: {fileID: 0}
  m_PrefabInstance: {fileID: 0}
  m_PrefabAsset: {fileID: 0}
  m_GameObject: {fileID: 1852282630}
  m_Enabled: 1
--- !u!20 &1852282633
Camera:
  m_ObjectHideFlags: 0
  m_CorrespondingSourceObject: {fileID: 0}
  m_PrefabInstance: {fileID: 0}
  m_PrefabAsset: {fileID: 0}
  m_GameObject: {fileID: 1852282630}
  m_Enabled: 1
  serializedVersion: 2
  m_ClearFlags: 1
  m_BackGroundColor: {r: 0.19215687, g: 0.3019608, b: 0.4745098, a: 0}
  m_projectionMatrixMode: 1
  m_GateFitMode: 2
  m_FOVAxisMode: 0
  m_SensorSize: {x: 36, y: 24}
  m_LensShift: {x: 0, y: 0}
  m_FocalLength: 50
  m_NormalizedViewPortRect:
    serializedVersion: 2
    x: 0
    y: 0
    width: 1
    height: 1
  near clip plane: 0.3
  far clip plane: 1000
  field of view: 60
  orthographic: 0
  orthographic size: 5
  m_Depth: -1
  m_CullingMask:
    serializedVersion: 2
    m_Bits: 4294967295
  m_RenderingPath: -1
  m_TargetTexture: {fileID: 0}
  m_TargetDisplay: 0
  m_TargetEye: 3
  m_HDR: 1
  m_AllowMSAA: 1
  m_AllowDynamicResolution: 0
  m_ForceIntoRT: 0
  m_OcclusionCulling: 1
  m_StereoConvergence: 10
  m_StereoSeparation: 0.022
--- !u!1 &1916730061
GameObject:
  m_ObjectHideFlags: 1
  m_CorrespondingSourceObject: {fileID: 0}
  m_PrefabInstance: {fileID: 0}
  m_PrefabAsset: {fileID: 0}
  serializedVersion: 6
  m_Component:
  - component: {fileID: 1916730062}
  - component: {fileID: 1916730063}
  m_Layer: 0
  m_Name: WanderAI-Red
  m_TagString: Untagged
  m_Icon: {fileID: 0}
  m_NavMeshLayer: 0
  m_StaticEditorFlags: 0
  m_IsActive: 1
--- !u!4 &1916730062
Transform:
  m_ObjectHideFlags: 1
  m_CorrespondingSourceObject: {fileID: 0}
  m_PrefabInstance: {fileID: 0}
  m_PrefabAsset: {fileID: 0}
  m_GameObject: {fileID: 1916730061}
  m_LocalRotation: {x: 0, y: 0, z: 0, w: 1}
  m_LocalPosition: {x: 0, y: 0, z: 0}
  m_LocalScale: {x: 1, y: 1, z: 1}
  m_Children: []
  m_Father: {fileID: 1712122385}
  m_RootOrder: 0
  m_LocalEulerAnglesHint: {x: 0, y: 0, z: 0}
--- !u!114 &1916730063
MonoBehaviour:
  m_ObjectHideFlags: 1
  m_CorrespondingSourceObject: {fileID: 0}
  m_PrefabInstance: {fileID: 0}
  m_PrefabAsset: {fileID: 0}
  m_GameObject: {fileID: 1916730061}
  m_Enabled: 1
  m_EditorHideFlags: 0
  m_Script: {fileID: 11500000, guid: b8759c3133548aa4988297a2aa85e6e1, type: 3}
  m_Name: 
  m_EditorClassIdentifier: 
  _prefab: {fileID: 3267362719257062431, guid: 037bb0835109aa04e8b706f402999c11, type: 3}
  _initialQuantity: 15
  _reusable: 1
  _growCapacity: 0
  _enableNavmeshAgentOnSpawn: 1
  _hideInstancesInHierarchy: 0
  _parentTransform: {fileID: 0}
--- !u!1 &1993873933
GameObject:
  m_ObjectHideFlags: 0
  m_CorrespondingSourceObject: {fileID: 0}
  m_PrefabInstance: {fileID: 0}
  m_PrefabAsset: {fileID: 0}
  serializedVersion: 6
  m_Component:
  - component: {fileID: 1993873939}
  - component: {fileID: 1993873938}
  - component: {fileID: 1993873937}
  - component: {fileID: 1993873936}
  - component: {fileID: 1993873935}
  - component: {fileID: 1993873934}
  - component: {fileID: 1993873940}
  m_Layer: 0
  m_Name: Player
  m_TagString: Player
  m_Icon: {fileID: 0}
  m_NavMeshLayer: 0
  m_StaticEditorFlags: 0
  m_IsActive: 1
--- !u!114 &1993873934
MonoBehaviour:
  m_ObjectHideFlags: 0
  m_CorrespondingSourceObject: {fileID: 0}
  m_PrefabInstance: {fileID: 0}
  m_PrefabAsset: {fileID: 0}
  m_GameObject: {fileID: 1993873933}
  m_Enabled: 1
  m_EditorHideFlags: 0
  m_Script: {fileID: 11500000, guid: 0287e4d6ce63f3046abb0383272a7ec3, type: 3}
  m_Name: 
  m_EditorClassIdentifier: 
  _spawnAction: {fileID: 0}
  _despawnDelay: 5
  _despawnCheckInterval: 5
  _despawnRangeBuffer: 15
  _requiresNavMesh: 1
  _isPersistent: 0
  _delayEnableAgent: 0
  _disableAgentOnDespawn: 1
  _onAwakeEventHandler:
    m_PersistentCalls:
      m_Calls: []
  _onAgentEnabledEventHandler:
    m_PersistentCalls:
      m_Calls: []
  _onAgentDisabledEventHandler:
    m_PersistentCalls:
      m_Calls: []
  _onSpawnedEventHandler:
    m_PersistentCalls:
      m_Calls: []
  _onDespawnedEventHandler:
    m_PersistentCalls:
      m_Calls: []
  _behaviorType: 1
  _wanderRadius: 15
  _minWanderRange: 5
  _wanderWaitMin: 1
  _wanderWaitMax: 3
  _waypoints: []
  _isPlayer: 1
--- !u!195 &1993873935
NavMeshAgent:
  m_ObjectHideFlags: 0
  m_CorrespondingSourceObject: {fileID: 0}
  m_PrefabInstance: {fileID: 0}
  m_PrefabAsset: {fileID: 0}
  m_GameObject: {fileID: 1993873933}
  m_Enabled: 1
  m_AgentTypeID: 0
  m_Radius: 0.5
  m_Speed: 3.5
  m_Acceleration: 8
  avoidancePriority: 50
  m_AngularSpeed: 120
  m_StoppingDistance: 0
  m_AutoTraverseOffMeshLink: 1
  m_AutoBraking: 1
  m_AutoRepath: 1
  m_Height: 2
  m_BaseOffset: 1
  m_WalkableMask: 4294967295
  m_ObstacleAvoidanceType: 4
--- !u!136 &1993873936
CapsuleCollider:
  m_ObjectHideFlags: 0
  m_CorrespondingSourceObject: {fileID: 0}
  m_PrefabInstance: {fileID: 0}
  m_PrefabAsset: {fileID: 0}
  m_GameObject: {fileID: 1993873933}
  m_Material: {fileID: 0}
  m_IsTrigger: 0
  m_Enabled: 1
  m_Radius: 0.5
  m_Height: 2
  m_Direction: 1
  m_Center: {x: 0, y: 0, z: 0}
--- !u!23 &1993873937
MeshRenderer:
  m_ObjectHideFlags: 0
  m_CorrespondingSourceObject: {fileID: 0}
  m_PrefabInstance: {fileID: 0}
  m_PrefabAsset: {fileID: 0}
  m_GameObject: {fileID: 1993873933}
  m_Enabled: 1
  m_CastShadows: 1
  m_ReceiveShadows: 1
  m_DynamicOccludee: 1
  m_MotionVectors: 1
  m_LightProbeUsage: 1
  m_ReflectionProbeUsage: 1
  m_RayTracingMode: 2
  m_RayTraceProcedural: 0
  m_RenderingLayerMask: 1
  m_RendererPriority: 0
  m_Materials:
  - {fileID: 10303, guid: 0000000000000000f000000000000000, type: 0}
  m_StaticBatchInfo:
    firstSubMesh: 0
    subMeshCount: 0
  m_StaticBatchRoot: {fileID: 0}
  m_ProbeAnchor: {fileID: 0}
  m_LightProbeVolumeOverride: {fileID: 0}
  m_ScaleInLightmap: 1
  m_ReceiveGI: 1
  m_PreserveUVs: 0
  m_IgnoreNormalsForChartDetection: 0
  m_ImportantGI: 0
  m_StitchLightmapSeams: 1
  m_SelectedEditorRenderState: 3
  m_MinimumChartSize: 4
  m_AutoUVMaxDistance: 0.5
  m_AutoUVMaxAngle: 89
  m_LightmapParameters: {fileID: 0}
  m_SortingLayerID: 0
  m_SortingLayer: 0
  m_SortingOrder: 0
  m_AdditionalVertexStreams: {fileID: 0}
--- !u!33 &1993873938
MeshFilter:
  m_ObjectHideFlags: 0
  m_CorrespondingSourceObject: {fileID: 0}
  m_PrefabInstance: {fileID: 0}
  m_PrefabAsset: {fileID: 0}
  m_GameObject: {fileID: 1993873933}
  m_Mesh: {fileID: 10208, guid: 0000000000000000e000000000000000, type: 0}
--- !u!4 &1993873939
Transform:
  m_ObjectHideFlags: 0
  m_CorrespondingSourceObject: {fileID: 0}
  m_PrefabInstance: {fileID: 0}
  m_PrefabAsset: {fileID: 0}
  m_GameObject: {fileID: 1993873933}
  m_LocalRotation: {x: 0, y: 0, z: 0, w: 1}
  m_LocalPosition: {x: 64, y: 0.88, z: 64}
  m_LocalScale: {x: 1, y: 1, z: 1}
  m_Children:
  - {fileID: 1852282631}
  m_Father: {fileID: 0}
  m_RootOrder: 0
  m_LocalEulerAnglesHint: {x: 0, y: 0, z: 0}
--- !u!54 &1993873940
Rigidbody:
  m_ObjectHideFlags: 0
  m_CorrespondingSourceObject: {fileID: 0}
  m_PrefabInstance: {fileID: 0}
  m_PrefabAsset: {fileID: 0}
  m_GameObject: {fileID: 1993873933}
  serializedVersion: 2
  m_Mass: 1
  m_Drag: 0
  m_AngularDrag: 0.05
  m_UseGravity: 0
  m_IsKinematic: 1
  m_Interpolate: 0
  m_Constraints: 0
  m_CollisionDetection: 0
--- !u!1001 &2002738303
PrefabInstance:
  m_ObjectHideFlags: 0
  serializedVersion: 2
  m_Modification:
    m_TransformParent: {fileID: 0}
    m_Modifications:
    - target: {fileID: 1661518001422291506, guid: 2423a5244fb1e4a44a298b96c4d8ae2d,
        type: 3}
      propertyPath: m_Layer
      value: 30
      objectReference: {fileID: 0}
    - target: {fileID: 3657604697379469573, guid: 2423a5244fb1e4a44a298b96c4d8ae2d,
        type: 3}
      propertyPath: m_Layer
      value: 30
      objectReference: {fileID: 0}
    - target: {fileID: 7707681266990651504, guid: 2423a5244fb1e4a44a298b96c4d8ae2d,
        type: 3}
      propertyPath: m_RootOrder
      value: 1
      objectReference: {fileID: 0}
    - target: {fileID: 7707681266990651504, guid: 2423a5244fb1e4a44a298b96c4d8ae2d,
        type: 3}
      propertyPath: m_LocalPosition.x
      value: 82.851715
      objectReference: {fileID: 0}
    - target: {fileID: 7707681266990651504, guid: 2423a5244fb1e4a44a298b96c4d8ae2d,
        type: 3}
      propertyPath: m_LocalPosition.y
      value: 2.8017201
      objectReference: {fileID: 0}
    - target: {fileID: 7707681266990651504, guid: 2423a5244fb1e4a44a298b96c4d8ae2d,
        type: 3}
      propertyPath: m_LocalPosition.z
      value: 65.234314
      objectReference: {fileID: 0}
    - target: {fileID: 7707681266990651504, guid: 2423a5244fb1e4a44a298b96c4d8ae2d,
        type: 3}
      propertyPath: m_LocalRotation.w
      value: 1
      objectReference: {fileID: 0}
    - target: {fileID: 7707681266990651504, guid: 2423a5244fb1e4a44a298b96c4d8ae2d,
        type: 3}
      propertyPath: m_LocalRotation.x
      value: 0
      objectReference: {fileID: 0}
    - target: {fileID: 7707681266990651504, guid: 2423a5244fb1e4a44a298b96c4d8ae2d,
        type: 3}
      propertyPath: m_LocalRotation.y
      value: 0
      objectReference: {fileID: 0}
    - target: {fileID: 7707681266990651504, guid: 2423a5244fb1e4a44a298b96c4d8ae2d,
        type: 3}
      propertyPath: m_LocalRotation.z
      value: 0
      objectReference: {fileID: 0}
    - target: {fileID: 7707681266990651504, guid: 2423a5244fb1e4a44a298b96c4d8ae2d,
        type: 3}
      propertyPath: m_LocalEulerAnglesHint.x
      value: 0
      objectReference: {fileID: 0}
    - target: {fileID: 7707681266990651504, guid: 2423a5244fb1e4a44a298b96c4d8ae2d,
        type: 3}
      propertyPath: m_LocalEulerAnglesHint.y
      value: 0
      objectReference: {fileID: 0}
    - target: {fileID: 7707681266990651504, guid: 2423a5244fb1e4a44a298b96c4d8ae2d,
        type: 3}
      propertyPath: m_LocalEulerAnglesHint.z
      value: 0
      objectReference: {fileID: 0}
    - target: {fileID: 8973588834437623671, guid: 2423a5244fb1e4a44a298b96c4d8ae2d,
        type: 3}
      propertyPath: m_Layer
      value: 30
      objectReference: {fileID: 0}
    - target: {fileID: 9094626784810958287, guid: 2423a5244fb1e4a44a298b96c4d8ae2d,
        type: 3}
      propertyPath: m_Name
      value: House (6)
      objectReference: {fileID: 0}
    - target: {fileID: 9094626784810958287, guid: 2423a5244fb1e4a44a298b96c4d8ae2d,
        type: 3}
      propertyPath: m_Layer
      value: 30
      objectReference: {fileID: 0}
    m_RemovedComponents: []
  m_SourcePrefab: {fileID: 100100000, guid: 2423a5244fb1e4a44a298b96c4d8ae2d, type: 3}
--- !u!1001 &2084222355
PrefabInstance:
  m_ObjectHideFlags: 0
  serializedVersion: 2
  m_Modification:
    m_TransformParent: {fileID: 0}
    m_Modifications:
    - target: {fileID: 1661518001422291506, guid: 2423a5244fb1e4a44a298b96c4d8ae2d,
        type: 3}
      propertyPath: m_Layer
      value: 30
      objectReference: {fileID: 0}
    - target: {fileID: 3657604697379469573, guid: 2423a5244fb1e4a44a298b96c4d8ae2d,
        type: 3}
      propertyPath: m_Layer
      value: 30
      objectReference: {fileID: 0}
    - target: {fileID: 7707681266990651504, guid: 2423a5244fb1e4a44a298b96c4d8ae2d,
        type: 3}
      propertyPath: m_RootOrder
      value: 7
      objectReference: {fileID: 0}
    - target: {fileID: 7707681266990651504, guid: 2423a5244fb1e4a44a298b96c4d8ae2d,
        type: 3}
      propertyPath: m_LocalPosition.x
      value: 76.45028
      objectReference: {fileID: 0}
    - target: {fileID: 7707681266990651504, guid: 2423a5244fb1e4a44a298b96c4d8ae2d,
        type: 3}
      propertyPath: m_LocalPosition.y
      value: 2.8017163
      objectReference: {fileID: 0}
    - target: {fileID: 7707681266990651504, guid: 2423a5244fb1e4a44a298b96c4d8ae2d,
        type: 3}
      propertyPath: m_LocalPosition.z
      value: 84.75285
      objectReference: {fileID: 0}
    - target: {fileID: 7707681266990651504, guid: 2423a5244fb1e4a44a298b96c4d8ae2d,
        type: 3}
      propertyPath: m_LocalRotation.w
      value: 0.9528518
      objectReference: {fileID: 0}
    - target: {fileID: 7707681266990651504, guid: 2423a5244fb1e4a44a298b96c4d8ae2d,
        type: 3}
      propertyPath: m_LocalRotation.x
      value: -0
      objectReference: {fileID: 0}
    - target: {fileID: 7707681266990651504, guid: 2423a5244fb1e4a44a298b96c4d8ae2d,
        type: 3}
      propertyPath: m_LocalRotation.y
      value: 0.30343622
      objectReference: {fileID: 0}
    - target: {fileID: 7707681266990651504, guid: 2423a5244fb1e4a44a298b96c4d8ae2d,
        type: 3}
      propertyPath: m_LocalRotation.z
      value: -0
      objectReference: {fileID: 0}
    - target: {fileID: 7707681266990651504, guid: 2423a5244fb1e4a44a298b96c4d8ae2d,
        type: 3}
      propertyPath: m_LocalEulerAnglesHint.x
      value: 0
      objectReference: {fileID: 0}
    - target: {fileID: 7707681266990651504, guid: 2423a5244fb1e4a44a298b96c4d8ae2d,
        type: 3}
      propertyPath: m_LocalEulerAnglesHint.y
      value: 35.328
      objectReference: {fileID: 0}
    - target: {fileID: 7707681266990651504, guid: 2423a5244fb1e4a44a298b96c4d8ae2d,
        type: 3}
      propertyPath: m_LocalEulerAnglesHint.z
      value: 0
      objectReference: {fileID: 0}
    - target: {fileID: 8973588834437623671, guid: 2423a5244fb1e4a44a298b96c4d8ae2d,
        type: 3}
      propertyPath: m_Layer
      value: 30
      objectReference: {fileID: 0}
    - target: {fileID: 9094626784810958287, guid: 2423a5244fb1e4a44a298b96c4d8ae2d,
        type: 3}
      propertyPath: m_Name
      value: House
      objectReference: {fileID: 0}
    - target: {fileID: 9094626784810958287, guid: 2423a5244fb1e4a44a298b96c4d8ae2d,
        type: 3}
      propertyPath: m_Layer
      value: 30
      objectReference: {fileID: 0}
    m_RemovedComponents: []
  m_SourcePrefab: {fileID: 100100000, guid: 2423a5244fb1e4a44a298b96c4d8ae2d, type: 3}
